% Encoding: UTF-8

@inproceedings{r1,
	title={Collaborative Navigation for Flying and Walking Robots},
	author={Fankhauser, Péter and Bloesch, Michael and Krüsi, Philipp and Diethelm, Remo and Siegwart, Roland},
	booktitle={IEEE/RSJ International Conference on Intelligent Robots and Systems},
	pages={2859-2866},
	year={2016}
}

@inproceedings{r2,
	title={Collaborative air-ground target searching in complex environments},
	author={Shen, Changsheng and Zhang, Yuanzhao and Li, Zimo and Fei, Gao and Shen, Shaojie},
	booktitle={IEEE International Symposium on Safety},
	pages={230-237},
	year={2017}
}

@article{r3,
	title={Large scale multiple robot visual mapping with heterogeneous landmarks in semi-structured terrain},
	author={Vidal-Calleja, Teresa A. and Berger, Cyrille and Solà, Joan and Lacroix, Simon},
	journal={Robotics and Autonomous Systems},
	volume={59},
	number={9},
	pages={654-674},
	year={2011}
}

@article{r4,
	title={Vision-Based Target Detection and Localization via a Team of Cooperative UAV and UGVs},
	author={Minaeian, Sara and Jian, Liu and Son, Young Jun},
	journal={IEEE Transactions on Systems Man and Cybernetics Systems},
	volume={46},
	number={7},
	pages={1-12},
	year={2015}
}

@inproceedings{r5,
	title={3-D exploration with an air-ground robotic system},
	author={Butzkey, Jonathan and Dornbushy, Andrew and Likhachevy, Maxim},
	booktitle={IEEE/RSJ International Conference on Intelligent Robots and Systems},
	pages={3241-3248},
	year={2015}
}

@article{r6,
	title={Autonomous Exploration and Mapping System Using Heterogeneous UAVs and UGVs in GPS-denied Environments},
	author={Qin, Hailong and Meng, Zehui and Meng, Wei and Chen, Xudong and Jr, Marcelo H. Ang},
	journal={IEEE Transactions on Vehicular Technology},
	volume={68},
	number={2},
	pages={1339-1350},
	year={2019}
}

@inproceedings{r7,
	title={A Collaborative Aerial-Ground Robotic System for Fast Exploration},
	author={Wang, Luqi and Cheng, Daqian and Fei, Gao and Cai, Fengyu and Guo, Jixin and Lin, Mengxiang and Shen, Shaojie},
	booktitle={IEEE International Conference on Robotics and Biomimetics (ROBIO)},
	pages={2259-2266},	
	year={2018}
}

@article{r8,
	title={AgriColMap: Aerial-Ground Collaborative 3D Mapping for Precision Farming},
	author={Potena, Ciro and Khanna, Raghav and Nieto, Juan and Siegwart, Roland and Pretto, Alberto},
	journal={IEEE Robotics and Automation Letters},
	volume={4},
	number={2},
	pages={1085-1092},
	year={2019}
}

@inproceedings{r9,
	title={Aerial-Ground collaborative sensing: Third-Person view for teleoperation},
	author={Gawel, Abel and Lin, Yukai and Koutros, Théodore and Siegwart, Roland and Cadena, Cesar},
	booktitle={IEEE International Symposium on Safety, Security, and Rescue Robotics (SSRR)},
	pages={1-7},	
	year={2018}
}

@article{r10,
	title={Robust image features: concentric contrasting circles and their image extraction},
	author={Gatrell, Lance B. and Hoff, William A. and Sklair, Cheryl W.},
	journal={Proceedings of SPIE - The International Society for Optical Engineering},
	volume={1612},
	pages={235-244},
	year={1992}
}

@article{r11,
	title={An Accurate and Robust Artificial Marker based on Cyclic Codes},
	author={Bergamasco, F and Albarelli, A and Cosmo, L and Rodola, E and Torsello, A},
	journal={IEEE Transactions on Pattern Analysis and Machine Intelligence},
	volume={38},
	number={12},
	pages={2359},
	year={2016}
}

@inproceedings{r12,
	title={RUNE-Tag: A high accuracy fiducial marker with strong occlusion resilience},
	author={Bergamasco, F. and Albarelli, A. and Rodola, E. and Torsello, A.},
	booktitle={Computer Vision and Pattern Recognition},
	pages={113-120},
	year={2011}
}

@inproceedings{r13,
	title={Camera tracking using concentric circle markers: Paradigms and algorithms},
	author={Calvet, L. and Gurdjos, P. and Charvillat, V.},
	booktitle={IEEE International Conference on Image Processing}, 
	pages={1361-1364},
	year={2012}
}

@inproceedings{r14,
	title={Detection and Accurate Localization of Circular Fiducials under Highly Challenging Conditions},
	author={Calvet, Lilian and Gurdjos, Pierre and Griwodz, Carsten and Gasparini, Simone},
	booktitle={Computer Vision and Pattern Recognition},
	volume={1},
	pages={562-570},
	year={2016}
}

@inproceedings{r15,
	title={ARTag, a fiducial marker system using digital techniques},
	author={Fiala, M.},
	booktitle={IEEE Computer Society Conference on Computer Vision and Pattern Recognition},
	volume={2},
	pages={590-596},	
	year={2005}
}

@inproceedings{r16,
	title={AprilTag: A robust and flexible visual fiducial system},
	author={Olson, Edwin},
	booktitle={IEEE International Conference on Robotics and Automation},
	pages={3400-3407},
	year={2011}
}

@inproceedings{r17,
	title={AprilTag 2: Efficient and robust fiducial detection},
	author={Wang, John and Olson, Edwin},
	booktitle={IEEE/RSJ International Conference on Intelligent Robots and Systems},
	pages={4193-4198},	
	year={2016}
}

@article{r18,
	title={Automatic generation and detection of highly reliable fiducial markers under occlusion},
	author={Garrido-Jurado, S. and Muñoz-Salinas, R. and Madrid-Cuevas, F. J. and Marín-Jiménez, M. J.},
	journal={Pattern Recognition},
	volume={47},
	number={6},
	pages={2280-2292},
	year={2014}
}

@inproceedings{r19,
	title={A Multi-ring Color Fiducial System and A Rule-Based Detection Method for Scalable Fiducial-tracking Augmented Reality},
	author={Cho, Youngkwan and Lee, Jongweon and Neumann, Ulrich},
	booktitle={International Workshop on Augmented Reality: Placing Artificial Objects in Real Scenes: Placing Artificial Objects in Real Scenes},
	pages={147-165},
	year={1999}
}

@inproceedings{r20,
	title={ChromaTag: A Colored Marker and Fast Detection Algorithm},
	author={Degol, Joseph and Bretl, Timothy and Hoiem, Derek},
	booktitle={IEEE International Conference on Computer Vision},
 	volume={1},
	pages={1481-1490},
	year={2017},
}

@article{r21,
	title={Efﬁcient graph-based image segmentation},
	author={P. F. Felzenszwalb and D. P. Huttenlocher},
	journal={International Journal of Computer Vision},
	volume={59},
	number={2},
	pages={167-181},
	year={2004}
}

@article{r22,
	title={Algorithm AS 136: A K-Means Clustering Algorithm},
	author={J. A. Hartigan and M. A. Wong},
	journal={Journal of the Royal Statistical Society. Series C (Applied Statistics)},
	volume={28},
	number={1},
	pages={100-108},
	year={1979}
}

@inproceedings{r23,
	title={Good Features to Track},
	author={Shi, Jianbo and Tomasi, Carlo},
	booktitle={IEEE Conference on Computer Vision and Pattern Recognition},
	pages={593-600},
	year={2002}
}

@article{r24,
	title={A computational approach to edge detection},
	author={J. Canny},
	journal={IEEE Transactions on Pattern Analysis and Machine Intelligence},
	volume={8},
	number={6},
	pages={679-698},
	year={1986}
}

@article{r25,
	title={Topological structural analysis of digitized binary images by border following},
	author={Suzuki, Satoshi and Be, Keiichia},
	journal={Computer Vision Graphics and Image Processing},
	volume={30},
	number={1},
	pages={32-46},
	year={1985}
}

@article{r26,
	title={Algorithms for the reduction of the number of points required to represent a digitized line or its caricature},
	author={D. H. Douglas, T. K. Peucker},
	journal={The International Journal for Geographic Information and Geovisualization},
	volume={10},
	number={2},
	pages={112-122},
	year={1973}
}

@article{r27,
	title={A threshold selection method from gray-histogram},
	author={Ostu, N.},
	journal={IEEE Transactions on Systems, Man and Cybernetics},
	volume={9},
	number={1},
	pages={62-66},
	year={1978}
}

@book{r28,
	title={视觉SLAM十四讲：从理论到实践},
	author={高翔等},
	address={北京},
	publisher={电子工业出版社},
	edition={1},
	pages={84-90},
	year={2017}
}

@article{r29,
	title={A Robust O(n) Solution to the Perspective-n-Point Problem},
	author={Shiqi, Li and Chi, Xu and Ming, Xie},
	journal={IEEE Transactions on Pattern Analysis and Machine Intelligence},
	volume={34},
	number={7},
	pages={1444-1450},
	year={2012}
}

@article{r30, 
	title={Complete solution classification for the perspective-three-point problem}, 
	author={{Xiao-Shan Gao} and {Xiao-Rong Hou} and {Jianliang Tang} and {Hang-Fei Cheng}}, 
	journal={IEEE Transactions on Pattern Analysis and Machine Intelligence}, 
	volume={25}, 
	number={8}, 
	pages={930-943}, 	
	year={2003}
}

@book{r31,
	title={Multiple View Geometry in Computer Vision},
	author={R. Hartley and A. Zisserman},
	address={Oxford},
	publisher={Cambridge University Press},
	edition={2},
	pages={71-75},
	year={2004}
}

@article{r32,
	title={Accurate O(n) solution to the PnP problem},
	author={Lepetit, Vincent},
	journal={International Journal of Computer Vision}, 
	volume={81}, 
	number={2}, 
	pages={155-166}, 	
	year={2008}
}

@article{r33,
	title={Exhaustive linearization for robust camera pose and focal length estimation},
	author={Adrian, Penate Sanchez and Juan, Andrade Cetto and Francesc, Moreno Noguer},
	journal={IEEE Transactions on Pattern Analysis and Machine Intelligence},
	volume={35},
	number={10},
	pages={2387-2400},
	year={2013}
}

@article{r34,
	title={A Flexible New Technique for Camera Calibration},
	author={Zhang, Zheng you},
	journal={IEEE Transactions on Pattern Analysis and Machine Intelligence},
	volume={22},
	number={11},
	pages={1330-1334},
	year={2000}
}

@MastersThesis{r35,
	title={室内自动驾驶物流机器人},
	author={莫帮杰},
	address={武汉},
	school={武汉大学},
	year={2017}
}

@inproceedings{r36,
	title={An ICP variant using a point-to-line metric},
	author={Censi, Andrea},
	booktitle={IEEE International Conference on Robotics and Automation},
	pages={19-25},	
	year={2008}
}

@inproceedings{r37,
	title={基于激光测距传感器的SLAM 方法研究},
	author={张霖 and 赵祚喜 and 张智刚 and 俞龙 and 黄健},
	booktitle={中国农业工程学会2011年学术年会论文集},
	year={2011}
}

@article{r38,
	title={视觉SLAM综述},
	author={权美香 and 朴松昊 and 李国},
	journal={智能系统学报},
	volume={11},
	number={6},
	pages={768-776},
	year={2016}
}

@article{r39,
	title={基于视觉的同时定位与地图构建方法综述},
	author={何俊学 and 李战明},
	journal={计算机应用研究},
	volume={27},
	number={8},
	pages={2839-2844},
	year={2010}
}

@inproceedings{r40,
	title={Improving Grid-based SLAM with Rao-Blackwellized Particle Filters by Adaptive Proposals and Selective Resampling},
	author={Grisetti, Giorgio and Stachniss, Cyrill and Burgard, Wolfram},
	booktitle={IEEE International Conference on Robotics and Automation},
	pages={2432-2437},
	year={2005}
}

@article{r41,
	title={Improved Techniques for Grid Mapping With Rao-Blackwellized Particle Filters},
	author={Grisetti, G. and Stachniss, C. and Burgard, W.},
	journal={IEEE Transactions on Robotics},
	volume={23},
	number={1},
	pages={34-46},
	year={2007}
}

@inproceedings{r42,
	title={A flexible and scalable SLAM system with full 3D motion estimation},
	author={Kohlbrecher, Stefan and Stryk, Oskar Von and Darmstadt, Technische Universität and Meyer, Johannes and Klingauf, Uwe},
	booktitle={IEEE International Symposium on Safety},
	pages={155-160},
	year={2011},
}

@inproceedings{r43,
	title={Real-time loop closure in 2D LIDAR SLAM},
	author={Hess, Wolfgang and Kohler, Damon and Rapp, Holger and Andor, Daniel},
	booktitle={IEEE International Conference on Robotics and Automation},
	pages={1271-1278},	
	year={2016},
}

@inproceedings{r44,
	title={Bayesian Map Learning in Dynamic Environments},
	author = {Murphy, Kevin},
	booktitle={In Neural Info. Proc. Systems},
	pages={1015-1021},
	year={1999}
}

@article{r45,
	title={A Note on Two Problems in Connexion with Graphs},
	author={E. W. Dijkstra},
	journal={NUMERISCHE MATHEMATIK},
	volume={1},
	number={1},
	pages={269-271},
	year={1959}
}

@article{r46,
	title={A Formal Basis for the Heuristic Determination of Minimum Cost Paths},
	author={E. Hart, Peter and J. Nilsson, Nils and Raphael, Bertram},
	journal={IEEE Transactions on Systems Science and Cybernetics},
	volume={4},
	number={2},	
	pages={100-107},
	year={1968}	
}

@article{r47, 
	title={The dynamic window approach to collision avoidance}, 
	author={D. {Fox} and W. {Burgard} and S. {Thrun}}, 
	journal={IEEE Robotics Automation Magazine}, 
	volume={4}, 
	number={1}, 
	pages={23-33}, 
	year={1997}
}

@inproceedings{r48, 
	title={Trajectory modification considering dynamic constraints of autonomous robots}, 
	author={C. {Roesmann} and W. {Feiten} and T. {Woesch} and F. {Hoffmann} and T. {Bertram}}, 
	booktitle={7th German Conference on Robotics}, 
	pages={74-79}, 
	year={2012}
}

@inproceedings{r49,
	title={Efficient trajectory optimization using a sparse model},
	author={Rosmann, Christoph and Feiten, Wendelin and Wosch, Thomas and Hoffmann, Frank and Bertram, Torsten},
	booktitle={European Conference on Mobile Robots},
	pages={138-143}, 	
	year={2014}
}

@inproceedings{r50, 
	title={Elastic bands: connecting path planning and control}, 
	author={S. {Quinlan} and O. {Khatib}}, 
	booktitle={IEEE International Conference on Robotics and Automation}, 
	volume={2}, 
	pages={802-807}, 
	year={1993}
}